<?xml version="1.0" encoding="utf-8"?>
<record xmlns="http://www.loc.gov/MARC21/slim" xmlns:xsi="http://www.w3.org/2001/XMLSchema-instance" xsi:schemaLocation="http://www.loc.gov/MARC21/slim http://www.loc.gov/standards/marcxml/schema/MARC21slim.xsd">
	<leader>     nam a22     Mi 4500</leader>
	<controlfield tag="001">2729618</controlfield>
	<controlfield tag="003">NjP</controlfield>
	<controlfield tag="006">m        d        </controlfield>
	<controlfield tag="007">cr cn |||m|||a</controlfield>
	<controlfield tag="008">210308m18891891ua      o     000 0 arard</controlfield>
	<datafield ind1=" " ind2=" " tag="040">
		<subfield code="a">ZYU</subfield>
		<subfield code="b">ara</subfield>
		<subfield code="e">rda</subfield>
		<subfield code="c">ZYU</subfield>
	</datafield>
	<datafield ind1=" " ind2="4" tag="050">
		<subfield code="a">BP130.4</subfield>
		<subfield code="b">.R38 1889</subfield>
	</datafield>
	<datafield ind1="1" ind2=" " tag="100">
		<subfield code="6">880-01</subfield>
		<subfield code="a">Rāzī, Fakhr al-Dīn Muḥammad ibn ʻUmar,</subfield>
		<subfield code="d">1149 or 1150-1210.</subfield>
	</datafield>
	<datafield ind1="1" ind2="0" tag="245">
		<subfield code="6">880-02</subfield>
		<subfield code="a">Mafātīḥ al-ghayb al-mushtahir bi-al-Tafsīr al-kabīr /</subfield>
		<subfield code="c">lil-Imām Muḥammad al-Rāzī Fakhr al-Dīn ibn al-ʻallāmah Ḍiyāʼ al-Dīn ʻUmar al-mushtahir bi-Khaṭīb al-Rayy, nafiʻa Allāh bi-hi al-muslimīn āmī̄n. Wa-bi-hāmishihi Tafsīr al-ʻallāmah Abī al-Suʻūd.</subfield>
	</datafield>
	<datafield ind1="3" ind2="8" tag="246">
		<subfield code="6">880-03</subfield>
		<subfield code="a">Tafsīr al-Fakhr al-Rāzī</subfield>
	</datafield>
	<datafield ind1="3" ind2="2" tag="246">
		<subfield code="6">880-04</subfield>
		<subfield code="a">Tafsīr al-Kabīr</subfield>
	</datafield>
	<datafield ind1=" " ind2=" " tag="250">
		<subfield code="6">880-05</subfield>
		<subfield code="a">al-Ṭabʻah al-ūlá.</subfield>
	</datafield>
	<datafield ind1=" " ind2="3" tag="264">
		<subfield code="6">880-06</subfield>
		<subfield code="a">Miṣr :</subfield>
		<subfield code="b">al-Maṭbaʻah al-Khayrīyah,</subfield>
		<subfield code="c">1307 -1309 Hijrīyah [1889 or 1890 - 1891]</subfield>
	</datafield>
	<datafield ind1=" " ind2=" " tag="300">
		<subfield code="a">online resource (8 volumes)</subfield>
	</datafield>
	<datafield ind1=" " ind2=" " tag="336">
		<subfield code="a">text</subfield>
		<subfield code="2">rdacontent</subfield>
	</datafield>
	<datafield ind1=" " ind2=" " tag="337">
		<subfield code="a">computer</subfield>
		<subfield code="2">rdamedia</subfield>
	</datafield>
	<datafield ind1=" " ind2=" " tag="338">
		<subfield code="a">online resource</subfield>
		<subfield code="2">rdacarrier</subfield>
	</datafield>
	<datafield ind1=" " ind2=" " tag="500">
		<subfield code="a">Part of the Arabic Collections Online (ACO) project, contributed by Princeton University Libraries.</subfield>
	</datafield>
	<datafield ind1=" " ind2=" " tag="533">
		<subfield code="a">Electronic reproduction.</subfield>
		<subfield code="b">New York, N.Y. :</subfield>
		<subfield code="c">New York University,</subfield>
		<subfield code="d">2021.</subfield>
		<subfield code="5">NNU</subfield>
	</datafield>
	<datafield ind1="0" ind2="0" tag="630">
		<subfield code="a">Qurʼan</subfield>
		<subfield code="v">Commentaries.</subfield>
	</datafield>
	<datafield ind1="0" ind2="7" tag="630">
		<subfield code="a">Qurʼan.</subfield>
		<subfield code="2">fast</subfield>
		<subfield code="0">(OCoLC)fst01842877</subfield>
	</datafield>
	<datafield ind1=" " ind2="7" tag="655">
		<subfield code="a">Commentaries.</subfield>
		<subfield code="2">fast</subfield>
		<subfield code="0">(OCoLC)fst01423723</subfield>
	</datafield>
	<datafield ind1="0" ind2=" " tag="700">
		<subfield code="6">880-07</subfield>
		<subfield code="a">Abū al-Saʻūd Muḥammad ibn Muḥammad,</subfield>
		<subfield code="d">1492 or 1493-1574 or 1575.</subfield>
		<subfield code="t">Irshād al-ʻaql al-salīm ilá mazāyā al-Qurʼān al-karīm.</subfield>
	</datafield>
	<datafield ind1="2" ind2=" " tag="710">
		<subfield code="a">Princeton University.</subfield>
		<subfield code="b">Library.</subfield>
	</datafield>
	<datafield ind1="0" ind2=" " tag="730">
		<subfield code="a">Arabic Collections Online.</subfield>
	</datafield>
	<datafield ind1="0" ind2="8" tag="776">
		<subfield code="i">Online version:</subfield>
		<subfield code="a">Al-Rāzī, Fakhr al-Dīn Muḥammad ibn ʻUmar, 1149 or 50-1210.</subfield>
		<subfield code="t">Mafātiḥ al-ghayb al-mushtahir bi-al-Tafsīr al-kabīr.</subfield>
		<subfield code="d">Cairo : Al-Matbaʻah al-Khayrīyah, 1307-8 [1889-90]</subfield>
		<subfield code="w">(OCoLC)659487005</subfield>
	</datafield>
	<datafield ind1="0" ind2="8" tag="776">
		<subfield code="i">Print version:</subfield>
		<subfield code="a">Rāzī, Fakhr al-Dīn Muḥammad ibn ʻUmar, 1149 or 1150-1210.</subfield>
		<subfield code="t">Mafātīḥ al-ghayb al-mushtahir bi-al-Tafsīr al-kabīr</subfield>
		<subfield code="w">(NjP)2729618</subfield>
		<subfield code="w">(OCoLC)5098122</subfield>
	</datafield>
	<datafield ind1="4" ind2="0" tag="856">
		<subfield code="u">http://hdl.handle.net/2333.1/dr7sr5h8</subfield>
	</datafield>
	<datafield ind1="1" ind2=" " tag="880">
		<subfield code="6">100-01</subfield>
		<subfield code="a">رازي، فخر الدين محمد بن عمر،</subfield>
		<subfield code="d">1149 or 1150-1210.</subfield>
	</datafield>
	<datafield ind1="1" ind2="0" tag="880">
		<subfield code="6">245-02</subfield>
		<subfield code="a">مفاتيح الغيب المشتهر بالتفسير الكبير /</subfield>
		<subfield code="c">للامام محمد الرازي فخر الدين بن العلامة ضياء الدين عمر المشتهر بخطيب الري، نفع الله به المسلمين آمين. وبهامشه تفسير العلامة ابي السعود.</subfield>
	</datafield>
	<datafield ind1="3" ind2="8" tag="880">
		<subfield code="6">246-03</subfield>
		<subfield code="a">تفسير الفخر الرازى</subfield>
	</datafield>
	<datafield ind1="3" ind2="2" tag="880">
		<subfield code="6">246-04</subfield>
		<subfield code="a">التفسير الكبير</subfield>
	</datafield>
	<datafield ind1=" " ind2=" " tag="880">
		<subfield code="6">250-05</subfield>
		<subfield code="a">الطبعة الاولى.</subfield>
	</datafield>
	<datafield ind1=" " ind2="3" tag="880">
		<subfield code="6">264-06</subfield>
		<subfield code="a">مصر :</subfield>
		<subfield code="b">المطبعة الخيرية،</subfield>
		<subfield code="c">1307 1309 هجرية [1889 أو 1890  1891]</subfield>
	</datafield>
	<datafield ind1="1" ind2=" " tag="880">
		<subfield code="6">700-07</subfield>
		<subfield code="a">ابو السعود محمد بن محمد،</subfield>
		<subfield code="d">1492 أو 14931574 أو 1575.</subfield>
		<subfield code="t">ارشاد العقل السليم الى مزايا القرآن الكريم</subfield>
	</datafield>
	<datafield ind1=" " ind2=" " tag="959">
		<subfield code="a">NNU</subfield>
		<subfield code="b">WEB</subfield>
		<subfield code="c">GENI</subfield>
		<subfield code="t">0</subfield>
		<subfield code="m">Electronic access</subfield>
		<subfield code="s">01</subfield>
	</datafield>
	<datafield ind1=" " ind2=" " tag="999">
		<subfield code="i">NjP_2729618</subfield>
		<subfield code="o">(OCoLC)ocm05098122</subfield>
		<subfield code="s">princeton_aco004321:v.1</subfield>
		<subfield code="s">princeton_aco004655:v.3</subfield>
		<subfield code="s">princeton_aco004322:v.2</subfield>
		<subfield code="s">princeton_aco004323:v.4</subfield>
		<subfield code="s">princeton_aco004324:v.5</subfield>
		<subfield code="s">princeton_aco004325:v.8</subfield>
		<subfield code="s">princeton_aco004326:v.6</subfield>
		<subfield code="s">princeton_aco004327:v.7</subfield>
		<subfield code="s">princeton_aco004321:v.1</subfield>
		<subfield code="s">princeton_aco004655:v.3</subfield>
		<subfield code="s">princeton_aco004322:v.2</subfield>
		<subfield code="s">princeton_aco004323:v.4</subfield>
		<subfield code="s">princeton_aco004324:v.5</subfield>
		<subfield code="s">princeton_aco004325:v.8</subfield>
		<subfield code="s">princeton_aco004326:v.6</subfield>
		<subfield code="s">princeton_aco004327:v.7</subfield>
	</datafield>
</record>
